<collection xmlns="http://www.loc.gov/MARC21/slim">
<record>
  <leader>00675na 0a22001451i 450 </leader>
  <controlfield tag="001">IT\ICCU\CNCE\051275</controlfield>
  <controlfield tag="005">20050504000000.0</controlfield>
  <datafield tag="100" ind1=" " ind2=" ">
    <subfield code="a">20001213             0itac0103    ba</subfield>
  </datafield>
  <datafield tag="101" ind1=" " ind2=" ">
    <subfield code="a">LAT</subfield>
  </datafield>
  <datafield tag="200" ind1="1" ind2=" ">
    <subfield code="a">Clarissimorum vtriusque censurae doctorum, domini Ioannis de Deo Hispani liber, qui uocatur, Doctrina aduocatorum, partium &amp; assessorum, in quo continentur, omnia fer ̈quae spectant ad forum iudiciale</subfield>
  </datafield>
  <datafield tag="700" ind1=" " ind2="1">
    <subfield code="a">Deus,</subfield>
    <subfield code="b">Joô : de</subfield>
    <subfield code="3">IT\ICCU\CNCA\004531</subfield>
  </datafield>
  <datafield tag="790" ind1=" " ind2="1">
    <subfield code="a">Deo,</subfield>
    <subfield code="b">Ioannes : de</subfield>
    <subfield code="3">IT\ICCU\CNCA\015300</subfield>
    <subfield code="z">Deus, Joô : de</subfield>
  </datafield>
  <datafield tag="790" ind1=" " ind2="1">
    <subfield code="a">Deo,</subfield>
    <subfield code="b">Juan</subfield>
    <subfield code="3">IT\ICCU\CNCA\019557</subfield>
    <subfield code="z">Deus, Joô : de</subfield>
  </datafield>
  <datafield tag="790" ind1=" " ind2="1">
    <subfield code="a">Dios,</subfield>
    <subfield code="b">Jean : de</subfield>
    <subfield code="3">IT\ICCU\CNCA\019558</subfield>
    <subfield code="z">Deus, Joô : de</subfield>
  </datafield>
  <datafield tag="801" ind1=" " ind2="3">
    <subfield code="a">IT</subfield>
    <subfield code="b">ICCU</subfield>
    <subfield code="c">20201115</subfield>
  </datafield>
</record>
</collection>
